@incollection{collaborativeSLR,
  year={2008},
  booktitle={Advances in Enterprise Engineering I},
  volume={10},
  series={Lecture Notes in Business Information Processing},
  editor={Dietz, JanL.G. and Albani, Antonia and Barjis, Joseph},
  title={{Challenges in Collaborative Modeling: A Literature Review}},
  publisher={Springer Berlin Heidelberg},
  author={Renger, Michiel and Kolfschoten, GwendolynL. and Vreede, Gert-Jan},
  pages={61-77}
}

@article{Kitchenham2010792,
  title = {{Systematic literature reviews in software engineering – A tertiary study}},
  journal = {{Information and Software Technology}},
  author = {Kitchenham, Barbara and Pretorius, Rialette and Budgen, David and Pearl Brereton, O. and Turner, Mark and Niazi, Mahmood and Linkman, Stephen},
  volume = {52},
  number = {8},
  pages = {792--805},
  year = {2010}
}

@article{journals/cleiej/RochaCRAJMP11,
  author = {Rocha, Rodrigo G. C. and Costa, Catarina and de Oliveira Rodrigues, Cleyton Mário and de Azevedo, Ryan Ribeiro and de Farias Junior, Ivaldir H. and de Lemos Meira, Silvio Romero and Prikladnicki, Rafael},
  journal = {CLEI Electron. J.},
  number = 2,
  title = {Collaboration Models in Distributed Software Development: a Systematic Review.},
  volume = {14},
  year = {2011}
}

@INCOLLECTION{gqm,
  author = {Victor R. Basili and Gianluigi Caldiera and H. Dieter Rombach},
  title = {The Goal Question Metric Approach},
  booktitle = {Encyclopedia of Software Engineering},
  publisher = {Wiley},
  year = {1994}
}

@article{gqm2,
  title={Practical guidelines for measurement-based process improvement},
  author={Briand, Lionel C and Differding, Christiane M and Rombach, H Dieter},
  journal={Software Process Improvement and Practice},
  volume={2},
  number={4},
  pages={253--280},
  year={1996},
  publisher={Citeseer}
}

@article{Brereton2007571,
  title = {Lessons from applying the systematic literature review process within the software engineering domain},
  journal = {{Journal of Systems and Software}},
  volume = {80},
  number = {4},
  pages = {571--583},
  year = {2007},
  author = {Pearl Brereton and Barbara A. Kitchenham and David Budgen and Mark Turner and Mohamed Khalil}
}

@article{tertiaryAli,
  title = {{Systematic reviews in software engineering: An empirical investigation}},
  journal = {{Information and Software Technology}},
  volume = {55},
  number = {7},
  pages = {1341--1354},
  year = {2013},
  issn = {0164--1212},
  author = {He Zhang and Muhammad Ali Babar}
}

@techreport{kitchenham2007guidelines,
  title={{Guidelines for performing systematic literature reviews in software engineering}},
  author={Kitchenham, Barbara A and Charters, Stuart},
  year={2007},
  institution={{Keele University and University of Durham}},
  number = {EBSE-2007-01}
}

@article{wohlin2013systematic,
  title={Systematic Literature Reviews in Software Engineering},
  author={Wohlin, Claes and Prikladnicki, Rafael},
  journal={Information and Software Technology},
  volume={55},
  number={6},
  pages={919--920},
  year={2013},
  publisher={Elsevier}
}

@book{wohlin2012experimentation,
  title={Experimentation in Software Engineering},
  author={Wohlin, C. and Runeson, P. and H{\"o}st, M. and Ohlsson, M.C. and Regnell, B. and Wessl{\'e}n, A.},
  series={Computer Science},
  year={2012},
  publisher={Springer}
}

@article{Cruzes2011440,
  title = {{Research synthesis in software engineering: A tertiary study }},
  journal = {Information and Software Technology },
  volume = {53},
  number = {5},
  pages = {440 - 455},
  year = {2011},
  note = {Special Section on Best Papers from \{XP2010\} },
  author = {Daniela S. Cruzes and Tore Dybå}
}

@inproceedings{KitchenhamQuality,
  author = {Kitchenham, Barbara and Sj{\o}berg, Dag I. K. and Brereton, O. Pearl and Budgen, David and Dyb{\aa}, Tore and H\"{o}st, Martin and Pfahl, Dietmar and Runeson, Per},
  title = {Can We Evaluate the Quality of Software Engineering Experiments?},
  booktitle = {Proceedings of the 2010 ACM-IEEE International Symposium on Empirical Software Engineering and Measurement},
  series = {ESEM '10},
  year = {2010},
  location = {Bolzano-Bozen, Italy},
  pages = {2:1--2:8},
  publisher = {ACM},
  address = {New York, NY, USA}
} 

@article{designThinking,
  author = {Denning, Peter J.},
  title = {{Design Thinking}},
  journal = {Commun. ACM},
  issue_date = {December 2013},
  volume = {56},
  number = {12},
  month = dec,
  year = {2013},
  pages = {29--31},
  numpages = {3},
  publisher = {ACM},
  address = {New York, NY, USA}
}

@book{wiener1965cybernetics,
  title={{Cybernetics or Control and Communication in the Animal and the Machine}},
  author={Wiener, Norbert},
  volume={25},
  year={1965},
  publisher={MIT press}
}

@book{LeeSeshia10_IntroductionToEmbeddedSystemsCyberPhysicalSystemsApproach,
  author = {Edward A. Lee and Sanjit A. Seshia},
  title = {{Introduction to Embedded Systems - A Cyber-Physical Systems Approach}},
  publisher = {Lee and Seshia},
  edition = {1},
  year = {2010},
}
  
@inproceedings{Cardenas:2008:RCS:1496671.1496677,
  author = {C\'{a}rdenas, Alvaro A. and Amin, Saurabh and Sastry, S. Shankar},
  title = {{Research Challenges for the Security of Control Systems}},
  booktitle = {Proceedings of the 3rd Conference on Hot Topics in Security},
  series = {HOTSEC'08},
  year = {2008},
  location = {San Jose, CA},
  pages = {6:1--6:6},
  articleno = {6},
  numpages = {6},
  publisher = {USENIX Association},
  address = {Berkeley, CA, USA}
}
 
@misc{NistStrategicVisionCPS,
  author = {{National Institute of Standards and Technology (NIST)}},
  title = {{Strategic Vision and Business Drivers for 21st Century Cyber-Physical Systems}},
  year = {2013},
  month = {January}
}

@techreport{NistSP-800-82-Rev2,
  author = {Keith Stouffer and Suzanne Lightman and Victoria Pillitteri and Marshall Abrams and Adam Hahn},
  title = {{NIST Special Publication 800-82 Revision 2. Initial Public Draft. Guide to Industrial Control Systems (ICS) Security: Supervisory Control and Data Acquisition (SCADA) Systems, Distributed Control Systems (DCS), and Other Control System Configurations Such As Programmable Logic Controllers (PLC)}},
  year = {2014},
  institution = {National Institute of Standards \& Technology},
  address = {Gaithersburg, MD, United States}
}

@inproceedings{Rajkumar:2010:CSN:1837274.1837461,
  author = {Rajkumar, Ragunathan (Raj) and Lee, Insup and Sha, Lui and Stankovic, John},
  title = {{Cyber-physical Systems: The Next Computing Revolution}},
  booktitle = {Proceedings of the 47th Design Automation Conference},
  series = {DAC '10},
  year = {2010},
  location = {Anaheim, California},
  pages = {731--736},
  numpages = {6},
  publisher = {ACM}
}

@article{5512708, 
  author={Poovendran, R.}, 
  journal={Proceedings of the IEEE}, 
  title={{Cyber-Physical Systems: Close Encounters Between Two Parallel Worlds [Point of View]}}, 
  year={2010}, 
  month={Aug}, 
  volume={98}, 
  number={8}, 
  pages={1363-1366}
}

@inproceedings{koscher2010experimental,
  title={{Experimental security analysis of a modern automobile}},
  author={Koscher, Karl and Czeskis, Alexei and Roesner, Franziska and Patel, Shwetak and Kohno, Tadayoshi and Checkoway, Stephen and McCoy, Damon and Kantor, Brian and Anderson, Danny and Shacham, Hovav and others},
  booktitle={Security and Privacy (SP), 2010 IEEE Symposium on},
  pages={447--462},
  year={2010},
  organization={IEEE}
}

@inproceedings{4531149, 
  author={Halperin, D. and Heydt-Benjamin, T.S. and Ransford, B. and Clark, S.S. and Defend, B. and Morgan, W. and Fu, K. and Kohno, T. and Maisel, W.H.}, 
  booktitle={Security and Privacy, 2008. SP 2008. IEEE Symposium on}, 
  title={{Pacemakers and Implantable Cardiac Defibrillators: Software Radio Attacks and Zero-Power Defenses}}, 
  year={2008}, 
  month={May}, 
  pages={129-142}
}

@article{5742014, 
  author={Chen, T.M. and Abu-Nimeh, S.}, 
  journal={Computer}, 
  title={{Lessons from Stuxnet}}, 
  year={2011}, 
  month={April}, 
  volume={44}, 
  number={4}, 
  pages={91-93}
}

@inproceedings{Teixeira:2012:AMS:2185505.2185515,
 author = {Teixeira, A. and P\'{e}rez, D. and Sandberg, H. and Johansson, K. H.},
 title = {{Attack Models and Scenarios for Networked Control Systems}},
 booktitle = {Proceedings of the 1st International Conference on High Confidence Networked Systems},
 series = {HiCoNS '12},
 year = {2012},
 isbn = {978-1-4503-1263-9},
 location = {Beijing, China},
 pages = {55--64},
 numpages = {10},
 publisher = {ACM}
}

@article{1335465, 
  author={Avizienis, A and Laprie, J.-C. and Randell, B. and Landwehr, C.}, 
  journal={Dependable and Secure Computing, IEEE Transactions on}, 
  title={{Basic concepts and taxonomy of dependable and secure computing}}, 
  year={2004}, 
  month={Jan}, 
  volume={1}, 
  number={1}, 
  pages={11-33}
}

@inproceedings{4577833, 
  author={C\'{a}rdenas, Alvaro A. and Amin, Saurabh and Sastry, S. Shankar}, 
  booktitle={Distributed Computing Systems Workshops, 2008. ICDCS '08. 28th International Conference on}, 
  title={{Secure Control: Towards Survivable Cyber-Physical Systems}}, 
  year={2008}, 
  month={June}, 
  pages={495-500}
}

@article{Denning:1987:IM:22853.22862,
  author = {Denning, Dorothy E.},
  title = {{An Intrusion-Detection Model}},
  journal = {IEEE Trans. Softw. Eng.},
  issue_date = {February 1987},
  volume = {13},
  number = {2},
  month = feb,
  year = {1987},
  pages = {222--232},
  numpages = {11},
  publisher = {IEEE Press}
}

@article{5682374, 
  author={Carcano, A and Coletta, A and Guglielmi, M. and Masera, M. and Fovino, IN. and Trombetta, A}, 
  journal={Industrial Informatics, IEEE Transactions on}, 
  title={{A Multidimensional Critical State Analysis for Detecting Intrusions in SCADA Systems}}, 
  year={2011}, 
  month={May}, 
  volume={7}, 
  number={2}, 
  pages={179-186}
}

@article{6157575, 
  author={Ye Yan and Yi Qian and Sharif, H. and Tipper, D.}, 
  journal={Communications Surveys Tutorials, IEEE}, 
  title={{A Survey on Smart Grid Communication Infrastructures: Motivations, Requirements and Challenges}}, 
  year={2013}, 
  month={First}, 
  volume={15}, 
  number={1}, 
  pages={5-20}
}

@article{Mirkovic:2004:TDA:997150.997156,
  author = {Mirkovic, Jelena and Reiher, Peter},
  title = {{A Taxonomy of DDoS Attack and DDoS Defense Mechanisms}},
  journal = {SIGCOMM Comput. Commun. Rev.},
  issue_date = {April 2004},
  volume = {34},
  number = {2},
  month = apr,
  year = {2004},
  issn = {0146-4833},
  pages = {39--53},
  numpages = {15},
  publisher = {ACM}
}

@inproceedings{6580348, 
  author={Cheolhyeon Kwon and Weiyi Liu and Inseok Hwang},
  booktitle={American Control Conference (ACC), 2013},
  title={{Security analysis for Cyber-Physical Systems against stealthy deception attacks}},
  year={2013},
  month={June},
  pages={3344-3349}
}

@inproceedings{Tiri:2007:SAP:1278480.1278485,
  author = {Tiri, Kris},
  title = {{Side-channel Attack Pitfalls}},
  booktitle = {Proceedings of the 44th Annual Design Automation Conference},
  series = {DAC '07},
  year = {2007},
  location = {San Diego, California},
  pages = {15--20},
  numpages = {6},
  publisher = {ACM},
  address = {New York, NY, USA}
}

@book{kuipers2006control,
  title={Control systems cyber security: Defense in depth strategies},
  author={Kuipers, David and Fabro, Mark},
  year={2006},
  publisher={{United States. Department of Energy}}
}

@misc{DHS2009ICS,
  title={{Recommended Practice: Improving Industrial Control Systems Cybersecurity with Defense-In-Depth Strategies}},
  month={October},
  year={2009},
  author={{US Department of Homeland Security Control System Security Program (DHS CSSP)}}
}

@article{alves2006mils,
  title={{The MILS architecture for high-assurance embedded systems}},
  author={Alves-Foss, Jim and Oman, Paul W and Taylor, Carol and Harrison, W Scott},
  journal={International journal of embedded systems},
  volume={2},
  number={3},
  pages={239--247},
  year={2006},
  publisher={Inderscience}
}

@article{Bakolas2011184,
  title = {{Augmenting defense-in-depth with the concepts of observability and diagnosability from Control Theory and Discrete Event Systems}},
  journal = {{Reliability Engineering \& System Safety}},
  volume = {96},
  number = {1},
  pages = {184--193},
  year = {2011},
  note = {{Special Issue on Safecomp 2008}},
  author = {Efstathios Bakolas and Joseph H. Saleh}
}

@incollection{Casola2014MTD,
  year={2014},
  booktitle={{Integration of Reusable Systems}},
  volume={263},
  series={{Advances in Intelligent Systems and Computing}},
  editor={Bouabana-Tebibel, Thouraya and Rubin, Stuart H.},
  title={{A Multi-Layer Moving Target Defense Approach for Protecting Resource-Constrained Distributed Devices}},
  publisher={Springer International Publishing},
  author={Casola, Valentina and De Benedictis, Alessandra and Albanese, Massimiliano},
  pages={299-324}
}

@book{Bishop:2002:ASC:579090,
  author = {Bishop, Matthew A.},
  title = {{The  Art and Science of Computer Security}},
  year = {2002},
  publisher = {Addison-Wesley Longman Publishing Co., Inc.},
  address = {Boston, MA, USA}
}

@inproceedings{Ravi:2004:SND:996566.996771,
 author = {Kocher, Paul and Lee, Ruby and McGraw, Gary and Raghunathan, Anand},
 note = {Moderator - S. Ravi},
 title = {{Security As a New Dimension in Embedded System Design}},
 booktitle = {{Proceedings of the 41st Annual Design Automation Conference}},
 series = {{DAC '04}},
 year = {2004},
 location = {San Diego, CA, USA},
 pages = {753--760},
 numpages = {8},
 publisher = {ACM},
 address = {New York, NY, USA}
}

@article{1451869, 
  author={Saltzer, J.H. and Schroeder, M.D.}, 
  journal={{Proceedings of the IEEE}}, 
  title={The protection of information in computer systems}, 
  year={1975}, 
  month={September}, 
  volume={63}, 
  number={9}, 
  pages={1278--1308}
}

@inproceedings{Wang:2010:SIC:1953383.1953487,
  author = {Wang, Eric Ke and Ye, Yunming and Xu, Xiaofei and Yiu, S. M. and Hui, L. C.  K. and Chow, K. P.},
  title = {{Security Issues and Challenges for Cyber Physical System}},
  booktitle = {{Proceedings of the 2010 IEEE/ACM Int'L Conference on Green Computing and Communications \& Int'L Conference on Cyber, Physical and Social Computing}},
  series = {{GREENCOM-CPSCOM '10}},
  year = {2010},
  pages = {733--738},
  numpages = {6},
  publisher = {{IEEE Computer Society}},
  address = {Washington, DC, USA}
} 

@inproceedings{6042046, 
  author={LeMay, E. and Ford, M.D. and Keefe, K. and Sanders, W.H. and Muehrcke, C.}, 
  booktitle={{Quantitative Evaluation of Systems (QEST)}, 2011 {Eighth International Conference} on}, 
  title={{Model-based Security Metrics Using ADversary VIew Security Evaluation (ADVISE)}}, 
  year={2011}, 
  month={September}, 
  pages={191--200}
}

@article{6687271, 
  author={Zonouz, S. and Davis, C.M. and Davis, K.R. and Berthier, R. and Bobba, R.B. and Sanders, W.H.}, 
  journal={Smart Grid, IEEE Transactions on}, 
  title={{SOCCA: A Security-Oriented Cyber-Physical Contingency Analysis in Power Infrastructures}}, 
  year={2014}, 
  month={January}, 
  volume={5}, 
  number={1}, 
  pages={3--13}
}

@phdthesis{sallhammar2007stochastic,
  title={Stochastic models for combined security and dependability evaluation},
  author={Sallhammar, Karin},
  year={2007},
  school={Norwegian University of Science and Technology}
}

@article{5482589, 
  author={Manadhata, P.K. and Wing, J.M.}, 
  journal={Software Engineering, IEEE Transactions on}, 
  title={{An Attack Surface Metric}}, 
  year={2011}, 
  month={May}, 
  volume={37}, 
  number={3}, 
  pages={371--386}
}

@article{6730832,
  author = {Bernhard Beckert and Reiner H\"{a}hnle},
  title = {{Reasoning and Verification: State of the Art and Current Trends}},
  journal ={{IEEE Intelligent Systems}},
  volume = {29},
  number = {1},
  year = {2014},
  month={January},
  pages = {20--29},
  publisher = {{IEEE Computer Society}},
  address = {{Los Alamitos, CA, USA}}
}

@inproceedings{6386929, 
  author={Bresolin, D. and Di Guglielmo, L. and Geretti, L. and Muradore, R. and Fiorini, P. and Villa, T.}, 
  booktitle={{Digital System Design (DSD)}, 2012 15th {Euromicro Conference} on}, 
  title={{Open Problems in Verification and Refinement of Autonomous Robotic Systems}}, 
  year={2012}, 
  month={September}, 
  pages={469--476}
}

@incollection{wang2014,
  year={2014},
  booktitle={{Formal Techniques for Distributed Objects, Components, and Systems}},
  volume={8461},
  series={{Lecture Notes in Computer Science}},
  editor={\'{A}brah\'{a}m, Erika and Palamidessi, Catuscia},
  title={{Denial-of-Service Security Attack in the Continuous-Time World}},
  publisher={Springer Berlin Heidelberg},
  author={Wang, Shuling and Nielson, Flemming and Nielson, HanneRiis},
  pages={149--165}
}

@inproceedings{5590215, 
  author={Sommestad, T. and Ericsson, G.N. and Nordlander, J.}, 
  booktitle={Power and Energy Society General Meeting, 2010 IEEE}, 
  title={{SCADA system cyber security - A comparison of standards}}, 
  year={2010}, 
  month={July}, 
  pages={1--8}
}

@techreport{Lee07_ComputingFoundationsPracticeForCyberPhysicalSystems,
  author = {Edward A. Lee},
  title = {{Computing Foundations and Practice for Cyber-Physical Systems: A Preliminary Report}},
  institution = {University of California, Berkeley},
  number = {UCB/EECS-2007-72},
  month = {May},
  year = {2007}
}

@misc{PCAST:DesigningDigitalFuture,
  author = {{President's Council of Advisors on Science and Technology}},
  title = {{Report to the President and Congress: Designing a Digital Future: Federally Funded Research and Development in Networking and Information Technology}},
  month = {December},
  year = {2010}
}

@misc{NSF:CPS,
  author = {{National Science Foundation}},
  title = {{Cyber-Physical Systems Program Solicitation NSF 13-502}},
  year = {2012},
  month = {October}
}

@misc{acatech:industrie4,
	author = {{acatech: German National Academy of Science and Engineering}},
	title = {{Securing the future of German manufacturing industry. Recommendations for implementing the strategic initiative INDUSTRIE 4.0}},
	year = {2013},
	month = {April}
}

@inproceedings{DBLP:conf/isorc/Lee08a,
  author    = {Edward A. Lee},
  title     = {{Cyber Physical Systems: Design Challenges}},
  booktitle = {ISORC},
  year      = {2008},
  pages     = {363-369}
}

@inproceedings{DBLP:conf/dac/Lee10,
  author    = {Edward A. Lee},
  title     = {{CPS foundations}},
  booktitle = {DAC},
  year      = {2010},
  pages     = {737-742}
}

@inproceedings{6257627, 
  author={Qaisar Shafi}, 
  booktitle={Computational Science and Its Applications (ICCSA), 2012 12th International Conference on}, 
  title={{Cyber Physical Systems Security: A Brief Survey}}, 
  year={2012}, 
  month={June}, 
  pages={146--150}
}

@article{6032699, 
  author={Sridhar, S. and Hahn, A. and Govindarasu, M.}, 
  journal={{Proceedings of the IEEE}}, 
  title={{Cyber-Physical System Security for the Electric Power Grid}}, 
  year={2012}, 
  month={January}, 
  volume={100}, 
  number={1}, 
  pages={210--224}
}


@article{6016202, 
  author={Yilin Mo and Kim, T.H.-H. and Brancik, K. and Dickinson, D. and Heejo Lee and Perrig, A. and Sinopoli, B.}, 
  journal={Proceedings of the IEEE}, 
  title={{Cyber-Physical Security of a Smart Grid Infrastructure}}, 
  year={2012}, 
  month={January}, 
  volume={100}, 
  number={1}, 
  pages={195-209}
}

@inproceedings{5394956, 
  author={Yilin Mo and Sinopoli, Bruno}, 
  booktitle={Communication, Control, and Computing, 2009. Allerton 2009. 47th Annual Allerton Conference on}, 
  title={Secure control against replay attacks}, 
  year={2009}, 
  month={September}, 
  pages={911-918}
}

@inproceedings{5590115, 
  author={Sridhar, S. and Manimaran, G.}, 
  booktitle={Power and Energy Society General Meeting, 2010 IEEE}, 
  title={{Data integrity attacks and their impacts on SCADA control system}}, 
  year={2010}, 
  month={July}, 
  pages={1--6}
}

@article{Liu:2011:FDI:1952982.1952995,
 author = {Liu, Yao and Ning, Peng and Reiter, Michael K.},
 title = {{False Data Injection Attacks Against State Estimation in Electric Power Grids}},
 journal = {ACM Trans. Inf. Syst. Secur.},
 issue_date = {May 2011},
 volume = {14},
 number = {1},
 month = {June},
 year = {2011},
 pages = {13:1--13:33},
 publisher = {ACM},
 address = {New York, NY, USA}
}

@inproceedings{6039809, 
  author={Sridhar, S. and Manimaran, G.}, 
  booktitle={Power and Energy Society General Meeting, 2011 IEEE}, 
  title={Data integrity attack and its impacts on voltage control loop in power grid}, 
  year={2011}, 
  month={July}, 
  pages={1--6}
}

@inproceedings{bobba2010detecting,
  title={{Detecting False Data Injection Attacks on DC State Estimation}},
  author={Bobba, Rakesh B and Rogers, Katherine M and Wang, Qiyan and Khurana, Himanshu and Nahrstedt, Klara and Overbye, Thomas J},
  booktitle={Preprints of the First Workshop on Secure Control Systems, CPS Week},
  year={2010},
  month = {April},
  address={Stockholm, Sweden},
  pages={}
}

@article{4112982, 
  author={Mili, L. and Van Cutsem, T. and Ribbens-Pavella, M.}, 
  journal={Power Apparatus and Systems, IEEE Transactions on}, 
  title={{Bad Data Identification Methods In Power System State Estimation-A Comparative Study}}, 
  year={1985}, 
  month={November}, 
  volume={PAS-104}, 
  number={11}, 
  pages={3037--3049}
}

@article{Mitchell:2014:SID:2597757.2542049,
 author = {Mitchell, Robert and Chen, Ing-Ray},
 title = {{A Survey of Intrusion Detection Techniques for Cyber-physical Systems}},
 journal = {ACM Comput. Surv.},
 issue_date = {April 2014},
 volume = {46},
 number = {4},
 year = {2014},
 pages = {55:1--55:29},
 articleno = {55},
 publisher = {ACM},
 address = {New York, NY, USA}
} 

@inproceedings{zhu2010scada,
  title={{SCADA-Specific Intrusion Detection/Prevention Systems: A Survey and Taxonomy}},
  author={Bonnie Zhu and Sastry, S. Shankar},
  booktitle={Preprints of the First Workshop on Secure Control Systems, CPS Week},
  month = {April},
  year={2010},
  address={Stockholm, Sweden},
  pages={}
}

@inproceedings{766298, 
  author={Heimdahl, M.P.E. and Heitmeyer, C.L.}, 
  booktitle={Industrial Strength Formal Specification Techniques, 1998. Proceedings. 2nd IEEE Workshop on}, 
  title={Formal methods for developing high assurance computer systems: working group report}, 
  year={1998}, 
  month={}, 
  pages={60-64}
}

@incollection{D-MILS4SmartGrids,
  year={2014},
  booktitle={{Smart Grid Security}},
  series={{Lecture Notes in Computer Science}},
  editor={Cuellar, Jorge},
  title={{Distributed MILS Architectural Approach for Secure Smart Grids}},
  publisher={Springer International Publishing},
  author={Bytschkow, Denis and Quilbeuf, Jean and Igna, Georgeta and Ruess, Harald},
  pages={16--29}
}

@inproceedings{5091051, 
  author={Rieger, C.G. and Gertman, D.I. and McQueen, M.A.}, 
  booktitle={Human System Interactions, 2009. HSI '09. 2nd Conference on}, 
  title={{Resilient control systems: Next generation design research}}, 
  year={2009}, 
  month={May}, 
  pages={632--636}
}

@incollection{zhu2013GameTheoreticMTD,
  year={2013},
  booktitle={{Decision and Game Theory for Security}},
  volume={8252},
  series={{Lecture Notes in Computer Science}},
  editor={Das, Sajal K. and Nita-Rotaru, Cristina and Kantarcioglu, Murat},
  title={{Game-Theoretic Approach to Feedback-Driven Multi-stage Moving Target Defense}},
  publisher={Springer International Publishing},
  author={Zhu, Quanyan and Ba\c{s}ar, Tamer},
  pages={246--263}
}

@inproceedings{6378329, 
  author={Melin, A. and Kisner, R. and Fugate, D. and McIntyre, T.}, 
  booktitle={Future of Instrumentation International Workshop (FIIW), 2012}, 
  title={Minimum state awareness for resilient control systems under cyber-attack}, 
  year={2012}, 
  month={October}, 
  pages={1--4}
}

@inproceedings{6623750,
  author={Yuan Yuan and Quanyan Zhu and Fuchun Sun and Qinyi Wang and Basar, Tamer},
  booktitle={Resilient Control Systems (ISRCS), 2013 6th International Symposium on},
  title={{Resilient control of cyber-physical systems against Denial-of-Service attacks}},
  year={2013},
  month={August},
  pages={54--59}
}

@book{Jajodia:2011:MTD:2038041,
 author = {Jajodia, Sushil and Ghosh, Anup K. and Swarup, Vipin and Wang, Cliff and Wang, X. Sean},
 title = {{Moving Target Defense: Creating Asymmetric Uncertainty for Cyber Threats}},
 year = {2011},
 series={{Advances in Information Security}},
 volume={54},
 publisher = {Springer International Publishing}
}

@book{Jajodia:2013:MTD,
 author = {Jajodia, Sushil and Ghosh, Anup K. and Subrahmanian, V.S. and Swarup, Vipin and Wang, Cliff and Wang, X. Sean},
 title = {{Moving Target Defense II: Application of Game Theory and Adversarial Modeling}},
 year = {2013},
 publisher = {Springer International Publishing},
 series={{Advances in Information Security}},
 volume={100}
}

@inproceedings{zhuang:2014:MTD,
  author={Zhuang, Rui and DeLoach, Scott A. and Ou, Xinming},
  booktitle={The First ACM Workshop on Moving Target Defense (MTD 2014)},
  title={{Towards a Theory of Moving Target Defense}},
  year={2014},
  month={November},
  pages={},
  notes={to appear},
  address={Scottsdale, Arizona, USA}
}

@article{Manshaei:2013:GTM:2480741.2480742,
 author = {Manshaei, Mohammad Hossein and Zhu, Quanyan and Alpcan, Tansu and Bac\c{s}ar, Tamer and Hubaux, Jean-Pierre},
 title = {{Game Theory Meets Network Security and Privacy}},
 journal = {ACM Comput. Surv.},
 volume = {45},
 number = {3},
 month = {July},
 year = {2013},
 pages = {25:1--25:39},
 publisher = {ACM},
 address = {New York, NY, USA}
}

@misc{NistStrategicResearchCPS,
  author = {{National Institute of Standards and Technology (NIST)}},
  title = {{Strategic R\&D Opportunities for 21st Centry Cyber-Pysical Systems}},
  year = {2013},
  month = {January},
  note = {Report of the Steering Committee for Foundations in Innovation for Cyber-Physical Systems}
}

@inproceedings{5484019, 
  author={Morris, T.H. and Srivastava, A.K. and Reaves, B. and Pavurapu, K. and Abdelwahed, S. and Vaughn, R. and McGrew, W. and Dandass, Y.}, 
  booktitle={North American Power Symposium (NAPS), 2009}, 
  title={Engineering future cyber-physical energy systems: Challenges, research needs, and roadmap}, 
  year={2009}, 
  month={October}, 
  pages={1--6}
}

@inproceedings{6657300, 
  author={Kotenko, I. and Polubelova, O. and Saenko, I. and Doynikova, E.}, 
  booktitle={Availability, Reliability and Security (ARES), 2013 Eighth International Conference on}, 
  title={{The Ontology of Metrics for Security Evaluation and Decision Support in SIEM Systems}}, 
  year={2013}, 
  month={September}, 
  pages={638--645}
}

@inproceedings{6568374, 
  author={Kotenko, I. and Chechulin, A.}, 
  booktitle={Cyber Conflict (CyCon), 2013 5th International Conference on}, 
  title={{A Cyber Attack Modeling and Impact Assessment framework}}, 
  year={2013}, 
  month={June}, 
  pages={1--24}
}

@article{6025254, 
  author={Hahn, A. and Govindarasu, M.}, 
  journal={Smart Grid, IEEE Transactions on}, 
  title={{Cyber Attack Exposure Evaluation Framework for the Smart Grid}}, 
  year={2011}, 
  month={December}, 
  volume={2}, 
  number={4}, 
  pages={835--843}
}

@inproceedings{6329197, 
  author={Rudolph, M. and Schwarz, R.}, 
  booktitle={Availability, Reliability and Security (ARES), 2012 Seventh International Conference on}, 
  title={A Critical Survey of Security Indicator Approaches}, 
  year={2012}, 
  month={August}, 
  pages={291--300}
}

@inproceedings{6160641, 
  author={Pasqualetti, Fabio and Dorfler, Florian and Bullo, F.}, 
  booktitle={Decision and Control and European Control Conference (CDC-ECC), 2011 50th IEEE Conference on}, 
  title={Cyber-physical attacks in power networks: Models, fundamental limitations and monitor design}, 
  year={2011}, 
  month={December}, 
  pages={2195-2201}
}

@inproceedings{Eyisi:2014:EAD:2566468.2566472,
  author = {Eyisi, Emeka and Koutsoukos, Xenofon},
  title = {{Energy-based Attack Detection in Networked Control Systems}},
  booktitle = {Proceedings of the 3rd International Conference on High Confidence Networked Systems},
  series = {{HiCoNS '14}},
  year = {2014},
  location = {Berlin, Germany},
  pages = {115--124},
  numpages = {10},
  publisher = {ACM},
  address = {New York, NY, USA}
}

@incollection{Amin2009SafeSecureNCS,
  year={2009},
  booktitle={Hybrid Systems: Computation and Control},
  volume={5469},
  series={{Lecture Notes in Computer Science}},
  editor={Majumdar, Rupak and Tabuada, Paulo},
  title={{Safe and Secure Networked Control Systems under Denial-of-Service Attacks}},
  publisher={Springer Berlin Heidelberg},
  author={Amin, Saurabh and C\'{a}rdenas, Alvaro A. and Sastry, S. Shankar},
  pages={31--45}
}

@inproceedings{Cardenas:2011:AAP:1966913.1966959,
  author = {C\'{a}rdenas, Alvaro A. and Amin, Saurabh and Lin, Zong-Syun and Huang, Yu-Lun and Huang, Chi-Yen and Sastry, S. Shankar},
  title = {Attacks Against Process Control Systems: Risk Assessment, Detection, and Response},
  booktitle = {Proceedings of the 6th ACM Symposium on Information, Computer and Communications Security},
  series = {ASIACCS '11},
  year = {2011},
  location = {Hong Kong, China},
  pages = {355--366},
  publisher = {ACM},
  address = {New York, NY, USA}
}

@inproceedings{6120187, 
  author={Fawzi, H. and Tabuada, P. and Diggavi, S.}, 
  booktitle={Communication, Control, and Computing (Allerton), 2011 49th Annual Allerton Conference on}, 
  title={Secure state-estimation for dynamical systems under active adversaries}, 
  year={2011}, 
  month={September}, 
  pages={337--344}
}

@inproceedings{5717318, 
  author={Teixeira, A. and Amin, S. and Sandberg, H. and Johansson, K. H. and Sastry, S. S.}, 
  booktitle={Decision and Control (CDC), 2010 49th IEEE Conference on}, 
  title={Cyber security analysis of state estimators in electric power systems}, 
  year={2010}, 
  month={December}, 
  pages={5991--5998}
}

@incollection{Teixeira2013QuantifyingCyberSecurity,
  year={2013},
  booktitle={Control of Cyber-Physical Systems},
  volume={449},
  series={{Lecture Notes in Control and Information Sciences}},
  editor={Tarraf, Danielle C.},
  title={Quantifying Cyber-Security for Networked Control Systems},
  publisher={Springer International Publishing},
  author={Teixeira, Andr\'{e} and Sou, Kin Cheong and Sandberg, Henrik and Johansson, Karl H.},
  pages={123--142}
}

@inproceedings{Shoukry:2013:MCC:2461446.2461460,
  author = {Shoukry, Yasser and Araujo, Jose and Tabuada, Paulo and Srivastava, Mani and Johansson, Karl H.},
  title = {{Minimax Control for Cyber-physical Systems Under Network Packet Scheduling Attacks}},
  booktitle = {Proceedings of the 2Nd ACM International Conference on High Confidence Networked Systems},
  series = {{HiCoNS '13}},
  year = {2013},
  location = {Philadelphia, Pennsylvania, USA},
  pages = {93--100},
  publisher = {ACM},
  address = {New York, NY, USA}
}

@article{6389711, 
  author={D'Innocenzo, A. and Di Benedetto, M and Serra, E.}, 
  journal={Automatic Control, IEEE Transactions on}, 
  title={Fault Tolerant Control of Multi-Hop Control Networks}, 
  year={2013}, 
  month={June}, 
  volume={58}, 
  number={6}, 
  pages={1377--1389}
}

@article{5978186, 
  author={Alur, R. and D'Innocenzo, A. and Johansson, Karl H. and Pappas, G.J. and Weiss, G.}, 
  journal={Automatic Control, IEEE Transactions on}, 
  title={Compositional Modeling and Analysis of Multi-Hop Control Networks}, 
  year={2011}, 
  month={October}, 
  volume={56}, 
  number={10}, 
  pages={2345--2357}
}

@article{6102417, 
  author={Petersen, S. and Carlsen, S.}, 
  journal={Industrial Electronics Magazine, IEEE}, 
  title={{WirelessHART Versus ISA100.11a: The Format War Hits the Factory Floor}}, 
  year={2011}, 
  month={December}, 
  volume={5}, 
  number={4}, 
  pages={23--34} 
}

@article{Genge20121146,
  title = {A cyber-physical experimentation environment for the security analysis of networked industrial control systems},
  journal = {{Computers \& Electrical Engineering}},
  volume = {38},
  number = {5},
  pages = {1146--1161},
  year = {2012},
  note = {{Special issue on Recent Advances in Security and Privacy in Distributed Communications and Image processing}},
  author = {B\'{e}la Genge and Christos Siaterlis and Igor Nai Fovino and Marcelo Masera}
}

@article{6226792, 
  author={Siaterlis, C. and Garcia, A.P. and Genge, B.}, 
  journal={{Communications Surveys Tutorials, IEEE}}, 
  title={{On the Use of Emulab Testbeds for Scientifically Rigorous Experiments}}, 
  year={2013}, 
  month={Second Quarter}, 
  volume={15}, 
  number={2}, 
  pages={929--942}
}

@inproceedings{5655108, 
  author={Mirkovic, J. and Benzel, T.V. and Faber, T. and Braden, R. and Wroclawski, J.T. and Schwab, S.}, 
  booktitle={Technologies for Homeland Security (HST), 2010 IEEE International Conference on}, 
  title={{The DETER project: Advancing the science of cyber security experimentation and test}}, 
  year={2010}, 
  month={November}, 
  pages={1--7}
}

@inproceedings{5459612, 
  author={Wang Chunlei and Fang Lan and Dai Yiqi}, 
  booktitle={Measuring Technology and Mechatronics Automation (ICMTMA), 2010 International Conference on}, 
  title={{A Simulation Environment for SCADA Security Analysis and Assessment}}, 
  year={2010}, 
  month={March}, 
  volume={1}, 
  pages={342--347}
}

@article{10.1109/TETC.2013.2287188,
  author = {Christos Siaterlis and Bela Genge and Marc Hohenadel},
  title = {{EPIC: A Testbed for Scientifically Rigorous Cyber-Physical Security Experimentation}},
  journal ={IEEE Transactions on Emerging Topics in Computing},
  volume = {1},
  number = {2},
  year = {2013},
  pages = {319--330},
  publisher = {IEEE Computer Society},
  address = {Los Alamitos, CA, USA}
}

@article{Siaterlis:2014:CT:2602695.2602575,
  author = {Siaterlis, Christos and Genge, B{\'e}la},
  title = {Cyber-physical Testbeds},
  journal = {Communications of the ACM},
  volume = {57},
  number = {6},
  month = {June},
  year = {2014},
  pages = {64--73},
  numpages = {10},
  publisher = {ACM},
  address = {New York, NY, USA}
}

@article{Astrom2000363,
  title = {Drum-boiler dynamics},
  journal = {Automatica},
  volume = {36},
  number = {3},
  pages = {363--378},
  year = {2000},
  author = {\.{A}str\"{o}m, K.J. and Bell, R.D.}
}

@article{Downs1993245,
  title = {A plant-wide industrial process control problem},
  journal = {Computers \& Chemical Engineering},
  volume = {17},
  number = {3},
  pages = {245--255},
  year = {1993},
  note = {Industrial challenge problems in process control},
  author = {Downs, J.J. and Vogel, E.F.}
}

@inproceedings{6497837, 
  author={Yardley, T. and Berthier, R. and Nicol, D. and Sanders, W.H.}, 
  booktitle={Innovative Smart Grid Technologies (ISGT), 2013 IEEE PES}, 
  title={Smart grid protocol testing through cyber-physical testbeds}, 
  year={2013}, 
  month={February}, 
  pages={1--6}
}

@misc{NSTB-facts,
  author = {{\href{http://www.inl.gov/scada}{\textcolor{blue}{Idaho National Laboratory (INL)}}}},
  title = {{National SCADA Test Bed: Fact Sheet}},
  year = {2007}
}

@inproceedings{5514494, 
  author={Fovino, I.N. and Masera, M. and Guidi, L. and Carpi, G.}, 
  booktitle={Human System Interactions (HSI), 2010 3rd Conference on}, 
  title={{An experimental platform for assessing SCADA vulnerabilities and countermeasures in power plants}}, 
  year={2010}, 
  month={May}, 
  pages={679--686}
}

@article{6473865, 
  author={Hahn, A. and Ashok, A. and Sridhar, S. and Govindarasu, M.}, 
  journal={Smart Grid, IEEE Transactions on}, 
  title={{Cyber-Physical Security Testbeds: Architecture, Application, and Evaluation for Smart Grid}}, 
  year={2013}, 
  month={June}, 
  volume={4}, 
  number={2}, 
  pages={847-855}
}

@techreport{mcdonald2010modeling,
  title={Modeling and Simulation for Cyber-physical System Security Research, Development and Applications},
  author={McDonald, M and Mulder, John and Richardson, B and Cassidy, R and Chavez, Adrian and Pattengale, N and Pollock, G and Urrea, J and Schwartz, M and Atkins, W and others},
  institution={\href{http://www.sandia.gov}{\textcolor{blue}{Sandia National Laboratories}}},
  year={2010},
  number={SAND2010-0568}
}

@article{6009221, 
  author={Queiroz, C. and Mahmood, A. and Tari, Z.}, 
  journal={Smart Grid, IEEE Transactions on}, 
  title={SCADASim - A Framework for Building SCADA Simulations}, 
  year={2011}, 
  month={December}, 
  volume={2}, 
  number={4}, 
  pages={589--597} 
}

@article{Nan201376,
  title = {Analyzing vulnerabilities between {SCADA} system and {SUC} due to interdependencies},
  journal = {Reliability Engineering \& System Safety},
  volume = {113},
  pages = {76--93},
  year = {2013},
  author = {Cen Nan and Irene Eusgeld and Wolfgang Kr\"{o}ger}
}

@inproceedings{Varga:2008:OOS:1416222.1416290,
  author = {Varga, Andr\'{a}s and Hornig, Rudolf},
  title = {An Overview of the {OMNeT}++ Simulation Environment},
  booktitle = {Proceedings of the 1st International Conference on Simulation Tools and Techniques for Communications, Networks and Systems \& Workshops},
  series = {Simutools '08},
  year = {2008},
  location = {Marseille, France},
  pages = {60:1--60:10},
  publisher = {{ICST (Institute for Computer Sciences, Social-Informatics and Telecommunications Engineering)}},
  address = {ICST, Brussels, Belgium, Belgium}
}

@techreport{lamas:hal-00920828,
    title = {{An Experimental Testbed and Methodology for Security Analysis of SCADA Systems}},
    author = {Lamas, Bernardo and Soury, Ayoub and Saadallah, Bilel and Lahmadi, Abdelkader and Festor, Olivier},
    affiliation = {MADYNES - INRIA Nancy - Grand Est / LORIA},
    pages = {89},
    type = {Technical Report},
    institution = {INRIA},
    number = {RT-0443},
    year = {2013},
    month = {December}
}

@inproceedings{di2011dynamical,
  title={Dynamical Power Optimization by Decentralized Routing Control in Multi-Hop Wireless Control Networks},
  author={Di Benedetto, Maria Domenica and D’Innocenzo, Alessandro and Serra, Emmanuele},
  booktitle={Proceedings of the 18th IFAC World Congress},
  year={2011},
  month={August},
  pages={8957--8962}
}

@article{720538, 
  author={Kailath, Thomas and Poor, H. Vincent}, 
  journal={Information Theory, IEEE Transactions on}, 
  title={Detection of Stochastic Processes}, 
  year={1998}, 
  month={October}, 
  volume={44}, 
  number={6}, 
  pages={2230-2231}
}

@article{LawrenceRicker1993109,
  title = {Model predictive control of a continuous, nonlinear, two-phase reactor},
  journal = {Journal of Process Control},
  volume = {3},
  number = {2},
  pages = {109--123},
  year = {1993},
  author = {N. Lawrence Ricker}
}

@inproceedings{Eyisi2014EAD,
  author = {Eyisi, Emeka and Koutsoukos, Xenofon},
  title = {Energy-based Attack Detection in Networked Control Systems},
  booktitle = {Proceedings of the 3rd International Conference on High Confidence Networked Systems},
  series = {HiCoNS '14},
  year = {2014},
  location = {Berlin, Germany},
  pages = {115--124},
  publisher = {ACM},
  address = {New York, NY, USA}
}

@inproceedings{parvania2014hybrid,
  title={Hybrid Control Network Intrusion Detection Systems for Automated Power Distribution Systems},
  author={Parvania, Masood and Koutsandria, Georgia and Muthukumary, Vishak and Peisert, Sean and McParland, Chuck and Scaglione, Anna},
  booktitle={Dependable Systems and Networks (DSN), 2014 44th Annual IEEE/IFIP International Conference on},
  pages={774--779},
  year={2014},
  organization={IEEE}
}

@article{1160055, 
  author={Kephart, J.O. and Chess, D.M.}, 
  journal={Computer}, 
  title={The vision of autonomic computing}, 
  year={2003}, 
  month={January}, 
  volume={36}, 
  number={1}, 
  pages={41--50}
}

@article{Stakhanova2007TIR,
  author = {Stakhanova, Natalia and Basu, Samik and Wong, Johnny},
  title = {A Taxonomy of Intrusion Response Systems},
  journal = {Int. J. Inf. Comput. Secur.},
  volume = {1},
  number = {1},
  month = {January},
  year = {2007},
  pages = {169--184},
  publisher = {Inderscience Publishers},
  address = {Inderscience Publishers, Geneva, SWITZERLAND}
} 

@inproceedings{chen14model,
  title={A Model-based Approach to Self-Protection in SCADA Systems},
  author={Chen, Qian and Abdelwahed, Sherif},
  booktitle={9th International Workshop on Feedback Computing (Feedback Computing 14)},
  organization={USENIX Association},
  year={2014}
}

@inproceedings{enlighten70754,
  booktitle = {9th IEEE International Conference and Workshops on the Engineering of Autonomic and Autonomous Systems},
  title = {Towards self-protecting smart metering: Investigating requirements for the MAPE loop},
  author = {M. Salehie and L. Pasquale and I. Omoronyia and B. Nuseibeh},
  year = {2012}
}

@article{Yuan2014SSS,
  author = {Yuan, Eric and Esfahani, Naeem and Malek, Sam},
  title = {A Systematic Survey of Self-Protecting Software Systems},
  journal = {ACM Trans. Auton. Adapt. Syst.},
  volume = {8},
  number = {4},
  month = {January},
  year = {2014},
  pages = {17:1--17:41},
  publisher = {ACM},
  address = {New York, NY, USA}
}

@article{shameli2012intrusion,
  title={Intrusion response systems: survey and taxonomy},
  author={Shameli-Sendi, Alireza and Ezzati-Jivan, Naser and Jabbarifar, Masoume and Dagenais, Michel},
  journal={Int. J. Comput. Sci. Network Secur (IJCSNS)},
  volume={12},
  number={1},
  pages={1--14},
  year={2012}
}

@article{10.1109/MSP.2010.145,
  author = {Quyen L. Nguyen and Arun Sood},
  title = {A Comparison of Intrusion-Tolerant System Architectures},
  journal ={IEEE Security \& Privacy},
  volume = {9},
  number = {4},
  year = {2011},
  pages = {24--31},
  publisher = {IEEE Computer Society},
  address = {Los Alamitos, CA, USA}
}

@inproceedings{6688005, 
  author={Malik, S. and Berthier, R. and Bobba, R.B. and Campbell, R.H. and Sanders, W.H.}, 
  booktitle={Smart Grid Communications (SmartGridComm), 2013 IEEE International Conference on}, 
  title={Formal design of communication checkers for ICCP using UPPAAL}, 
  year={2013}, 
  month={October}, 
  pages={486--491}
}

@incollection{Liu2010,
  year={2010},
  booktitle={Programming Languages and Systems},
  volume={6461},
  series={Lecture Notes in Computer Science},
  editor={Ueda, Kazunori},
  title={A Calculus for Hybrid CSP},
  publisher={Springer Berlin Heidelberg},
  author={Liu, Jiang and Lv, Jidong and Quan, Zhao and Zhan, Naijun and Zhao, Hengjun and Zhou, Chaochen and Zou, Liang},
  pages={1--15}
}

@incollection{Nielson2013QualityCalculus,
  year={2013},
  booktitle={Formal Aspects of Component Software},
  volume={7684},
  series={Lecture Notes in Computer Science},
  editor={Păsăreanu, CorinaS. and Salaün, Gwen},
  title={A Calculus for Quality},
  publisher={Springer Berlin Heidelberg},
  author={Nielson, HanneRiis and Nielson, Flemming and Vigo, Roberto},
  pages={188--204}
}

@inproceedings{Alur1993HAA,
  author = {Alur, Rajeev and Courcoubetis, Costas and Henzinger, Thomas A. and Ho, Pei-Hsin},
  title = {Hybrid Automata: An Algorithmic Approach to the Specification and Verification of Hybrid Systems},
  booktitle = {Hybrid Systems},
  year = {1993},
  pages = {209--229},
  publisher = {Springer-Verlag},
  address = {London, UK, UK}
}

@article{david2012statistical,
  title={Statistical model checking for stochastic hybrid systems},
  author={David, Alexandre and Du, Dehui and Larsen, Kim G and Legay, Axel and Miku{\v{c}}ionis, Marius and Poulsen, Danny B{\o}gsted and Sedwards, Sean},
  journal={arXiv preprint arXiv:1208.3856},
  year={2012}
}

@article{Corin:2007:TAS:1370677.1370679,
  author = {Corin, R. and Etalle, S. and Hartel, P. H. and Mader, A.},
  title = {Timed Analysis of Security Protocols},
  journal = {J. Comput. Secur.},
  volume = {15},
  number = {6},
  month = {December},
  year = {2007},
  pages = {619--645},
  numpages = {27},
  publisher = {IOS Press},
  address = {Amsterdam, The Netherlands, The Netherlands}
}

@inproceedings{D'Innocenzo:2012:RPM:2185632.2185673,
  author = {D'Innocenzo, Alessandro and Abate, Alessandro and Katoen, Joost-Pieter},
  title = {Robust {PCTL} Model Checking},
  booktitle = {Proceedings of the 15th ACM International Conference on Hybrid Systems: Computation and Control},
  series = {HSCC '12},
  year = {2012},
  location = {Beijing, China},
  pages = {275--286},
  publisher = {ACM},
  address = {New York, NY, USA}
}

@incollection{Shull2008ESE,
  year={2008},
  booktitle={Guide to Advanced Empirical Software Engineering},
  editor={Shull, Forrest and Singer, Janice and Sj\o{}berg, Dag I.K.},
  title={Selecting Empirical Methods for Software Engineering Research},
  publisher={Springer London},
  author={Easterbrook, Steve and Singer, Janice and Storey, Margaret-Anne and Damian, Daniela},
  pages={285--311}
}